<?xml version="1.0" encoding="UTF-8"?><collection xmlns="http://www.loc.gov/MARC21/slim"><record><leader>00459nam--2200169-i-4500</leader><controlfield tag="001">000025862</controlfield><controlfield tag="002">20161230</controlfield><controlfield tag="005">20170304143125</controlfield><controlfield tag="008">060222s1000------------r-----000-0-eng-d</controlfield><datafield ind1=" " ind2=" " tag="080"><subfield code="a">539.14</subfield></datafield><datafield ind1=" " ind2=" " tag="100"><subfield code="a">Kajantie, Keijo</subfield></datafield><datafield ind1=" " ind2=" " tag="245"><subfield code="a">Bounds for coupling constants in the multi-regge model</subfield></datafield><datafield ind1=" " ind2=" " tag="260"><subfield code="a">Helsinki</subfield><subfield code="b">University,</subfield><subfield code="c">1968</subfield></datafield><datafield ind1=" " ind2=" " tag="300"><subfield code="a">16 p</subfield></datafield><datafield ind1=" " ind2=" " tag="490"><subfield code="a">Research Institute For Theoretical Physics</subfield></datafield><datafield ind1=" " ind2=" " tag="852"><subfield code="a">28800</subfield></datafield><datafield ind1=" " ind2=" " tag="CAT"><subfield code="a">SYS</subfield><subfield code="c">20170304</subfield><subfield code="h">143125</subfield></datafield></record></collection>